<?xml version='1.0' encoding='UTF-8'?>
<Document xmlns="urn:iso:std:iso:20022:tech:xsd:camt.052.001.02">
    <BkToCstmrAcctRpt>
        <GrpHdr>
            <MsgId>2016010906886103200001</MsgId>
            <CreDtTm>2016-01-09T09:54:35</CreDtTm>
        </GrpHdr>
        <Rpt>
            <Id>688610320-EUR-1</Id>
            <CreDtTm>2016-01-09T09:53:58</CreDtTm>
            <FrToDt>
                <FrDtTm>2016-01-07T00:00:00</FrDtTm>
                <ToDtTm>2016-01-09T09:53:58</ToDtTm>
            </FrToDt>
            <Acct>
                <Id>
                    <IBAN>EE702200220000000000</IBAN>
                </Id>
                <Ccy>EUR</Ccy>
                <Ownr>
                    <Nm>OÜ YOURCOMPANY</Nm>
                    <Id>
                        <OrgId>
                            <Othr>
                                <Id>10990000</Id>
                            </Othr>
                        </OrgId>
                    </Id>
                </Ownr>
                <Svcr>
                    <FinInstnId>
                        <BIC>HABAEE2X</BIC>
                    </FinInstnId>
                </Svcr>
            </Acct>
            <Bal>
                <Tp>
                    <CdOrPrtry>
                        <Cd>OPBD</Cd>
                    </CdOrPrtry>
                </Tp>
                <CdtLine>
                    <Incl>false</Incl>
                </CdtLine>
                <Amt Ccy="EUR">10000000000.00</Amt>
                <CdtDbtInd>CRDT</CdtDbtInd>
                <Dt>
                    <Dt>2016-01-07</Dt>
                </Dt>
            </Bal>
            <Bal>
                <Tp>
                    <CdOrPrtry>
                        <Cd>ITBD</Cd>
                    </CdOrPrtry>
                </Tp>
                <Amt Ccy="EUR">10000000000.00</Amt>
                <CdtDbtInd>CRDT</CdtDbtInd>
                <Dt>
                    <Dt>2016-01-09</Dt>
                </Dt>
            </Bal>
            <Bal>
                <Tp>
                    <CdOrPrtry>
                        <Prtry>RESERVED</Prtry>
                    </CdOrPrtry>
                </Tp>
                <Amt Ccy="EUR">0.00</Amt>
                <CdtDbtInd>CRDT</CdtDbtInd>
                <Dt>
                    <Dt>2016-01-09</Dt>
                </Dt>
            </Bal>
            <Bal>
                <Tp>
                    <CdOrPrtry>
                        <Cd>ITAV</Cd>
                    </CdOrPrtry>
                </Tp>
                <CdtLine>
                    <Incl>true</Incl>
                    <Amt Ccy="EUR">0.00</Amt>
                </CdtLine>
                <Amt Ccy="EUR">10000000000.00</Amt>
                <CdtDbtInd>CRDT</CdtDbtInd>
                <Dt>
                    <Dt>2016-01-09</Dt>
                </Dt>
            </Bal>
            <TxsSummry>
                <TtlCdtNtries>
                    <NbOfNtries>1</NbOfNtries>
                    <Sum>123.45</Sum>
                </TtlCdtNtries>
                <TtlDbtNtries>
                    <NbOfNtries>0</NbOfNtries>
                    <Sum>0.00</Sum>
                </TtlDbtNtries>
            </TxsSummry>

            <Ntry>
                <NtryRef>2016010700183611-1</NtryRef>
                <Amt Ccy="EUR">123.45</Amt>
                <CdtDbtInd>CRDT</CdtDbtInd>
                <Sts>BOOK</Sts>
                <BookgDt>
                    <Dt>2016-01-07</Dt>
                </BookgDt>
                <ValDt>
                    <Dt>2016-01-07</Dt>
                </ValDt>
                <AcctSvcrRef>2016010700183611-1</AcctSvcrRef>
                <BkTxCd>
                    <Domn>
                        <Cd>PMNT</Cd>
                        <Fmly>
                            <Cd>RCDT</Cd>
                            <SubFmlyCd>ESCT</SubFmlyCd>
                        </Fmly>
                    </Domn>
                    <Prtry>
                        <Cd>MK</Cd>
                        <Issr>Swedbank AS</Issr>
                    </Prtry>
                </BkTxCd>
                <NtryDtls>
                    <TxDtls>
                        <Refs>
                            <AcctSvcrRef>2016010700183611-1</AcctSvcrRef>
                            <EndToEndId>NOTPROVIDED</EndToEndId>
                        </Refs>
                        <AmtDtls>
                            <InstdAmt>
                                <Amt Ccy="EUR">123.45</Amt>
                            </InstdAmt>
                            <TxAmt>
                                <Amt Ccy="EUR">123.45</Amt>
                            </TxAmt>
                        </AmtDtls>
                        <RltdPties>
                            <Dbtr>
                                <Nm>Company OÜ</Nm>
                                <Id>
                                    <OrgId>
                                        <Othr>
                                            <Id>11679514</Id>
                                            <SchmeNm>
                                                <Cd>COID</Cd>
                                            </SchmeNm>
                                        </Othr>
                                    </OrgId>
                                </Id>
                            </Dbtr>
                            <DbtrAcct>
                                <Id>
                                    <IBAN>EE241010221111111111</IBAN>
                                </Id>
                            </DbtrAcct>
                        </RltdPties>
                        <RltdAgts>
                            <DbtrAgt>
                                <FinInstnId>
                                    <BIC>EEUHEE2X</BIC>
                                </FinInstnId>
                            </DbtrAgt>
                        </RltdAgts>
                        <RmtInf>
                            <Ustrd>Tellimused 2016041912, 2016041920, 2016041921</Ustrd>
                        </RmtInf>
                    </TxDtls>
                </NtryDtls>
            </Ntry>
        </Rpt>
    </BkToCstmrAcctRpt>
</Document>